@article{goffin2013development,
  title={Development of a didactic SPH model-D{\'e}veloppement d'un mod{\`e}le didactique bas{\'e} sur la m{\'e}thode num{\'e}rique de "Smooth particle hydrodynamics"},
  author={Goffin, Louis and others},
  year={2013},
  publisher={Universit{\'e} de Li{\`e}ge, Li{\`e}ge, Belgique}
}

@article{monaghan1992smoothed,
  title={Smoothed particle hydrodynamics},
  author={Monaghan, Joe J},
  journal={Annual review of astronomy and astrophysics},
  volume={30},
  number={1},
  pages={543--574},
  year={1992},
  publisher={Annual Reviews 4139 El Camino Way, PO Box 10139, Palo Alto, CA 94303-0139, USA}
}